% This file was created with JabRef 2.6.
% Encoding: UTF-8

@article{xing2018walk,
	title={A walk with sgd},
	author={Xing, Chen and Arpit, Devansh and Tsirigotis, Christos and Bengio, Yoshua},
	journal={arXiv preprint arXiv:1802.08770},
	year={2018}
}
@article{chaudhari2019entropy,
	title={Entropy-sgd: Biasing gradient descent into wide valleys},
	author={Chaudhari, Pratik and Choromanska, Anna and Soatto, Stefano and LeCun, Yann and Baldassi, Carlo and Borgs, Christian and Chayes, Jennifer and Sagun, Levent and Zecchina, Riccardo},
	journal={Journal of Statistical Mechanics: Theory and Experiment},
	volume={2019},
	number={12},
	pages={124018},
	year={2019},
	publisher={IOP Publishing}
}

@article{mutschler2020parabolic,
	title={Parabolic approximation line search for dnns},
	author={Mutschler, Maximus and Zell, Andreas},
	journal={arXiv preprint arXiv:1903.11991},
	year={2020}
}
@article{goodfellow2014qualitatively,
	title={Qualitatively characterizing neural network optimization problems},
	author={Goodfellow, Ian J and Vinyals, Oriol and Saxe, Andrew M},
	journal={arXiv preprint arXiv:1412.6544},
	year={2014}
}
@inproceedings{choromanska2015loss,
	title={The loss surfaces of multilayer networks},
	author={Choromanska, Anna and Henaff, Mikael and Mathieu, Michael and Arous, G{\'e}rard Ben and LeCun, Yann},
	booktitle={Artificial intelligence and statistics},
	pages={192--204},
	year={2015},
	organization={PMLR}
}
@article{baldassi2016unreasonable,
	title={Unreasonable effectiveness of learning neural networks: From accessible states and robust ensembles to basic algorithmic schemes},
	author={Baldassi, Carlo and Borgs, Christian and Chayes, Jennifer T and Ingrosso, Alessandro and Lucibello, Carlo and Saglietti, Luca and Zecchina, Riccardo},
	journal={Proceedings of the National Academy of Sciences},
	volume={113},
	number={48},
	pages={E7655--E7662},
	year={2016},
	publisher={National Acad Sciences}
}
@article{li2017visualizing,
	title={Visualizing the loss landscape of neural nets},
	author={Li, Hao and Xu, Zheng and Taylor, Gavin and Studer, Christoph and Goldstein, Tom},
	journal={arXiv preprint arXiv:1712.09913},
	year={2017}
}
@inproceedings{he2016deep,
	title={Deep residual learning for image recognition},
	author={He, Kaiming and Zhang, Xiangyu and Ren, Shaoqing and Sun, Jian},
	booktitle={Proceedings of the IEEE conference on computer vision and pattern recognition},
	pages={770--778},
	year={2016}
}
@article{robbins1951stochastic,
	title={A stochastic approximation method},
	author={Robbins, Herbert and Monro, Sutton},
	journal={The annals of mathematical statistics},
	pages={400--407},
	year={1951},
	publisher={JSTOR}
}




@comment{jabref-meta: selector_publisher:}

@comment{jabref-meta: selector_author:}

@comment{jabref-meta: selector_journal:}

@comment{jabref-meta: selector_keywords:}

