@inproceedings{de2021predicting,
  title={Predicting the Solar Potential of Rooftops using Image Segmentation and Structured Data},
  author={de Barros Soares, Daniel and Andrieux, Fran{\c{c}}ois and Hell, Bastien and Lenhardt, Julien and Badosa, Jordi and Gavoille, Sylvain and Ga{\"\i}ffas, St{\'e}phane and Bacry, Emmanuel},
  booktitle={NIPS Proceedings},
  year={2021}
}
@article{freitas2015modelling,
	title={Modelling solar potential in the urban environment: State-of-the-art review},
	author={Freitas, Sara and Catita, Cristina and Redweik, Paula and Brito, Miguel Centeno},
	journal={Renewable and Sustainable Energy Reviews},
	volume={41},
	pages={915--931},
	year={2015},
	publisher={Elsevier}
}
@article{bodis2019high,
	title={A high-resolution geospatial assessment of the rooftop solar photovoltaic potential in the European Union},
	author={B{\'o}dis, Katalin and Kougias, Ioannis and J{\"a}ger-Waldau, Arnulf and Taylor, Nigel and Szab{\'o}, S{\'a}ndor},
	journal={Renewable and Sustainable Energy Reviews},
	volume={114},
	pages={109309},
	year={2019},
	publisher={Elsevier}
}
