@inproceedings{bosch2021calibrated,
  title        = {Calibrated Adaptive Probabilistic {ODE} solvers},
  author       = {Bosch, Nathanael and Hennig, Philipp and Tronarp, Filip},
  booktitle    = {International Conference on Artificial Intelligence and Statistics},
  pages        = {3466--3474},
  year         = {2021},
  organization = {PMLR}
}
